%YAML 1.1
%TAG !u! tag:unity3d.com,2011:
--- !u!1101 &-9084184272855798682
AnimatorStateTransition:
  m_ObjectHideFlags: 1
  m_CorrespondingSourceObject: {fileID: 0}
  m_PrefabInstance: {fileID: 0}
  m_PrefabAsset: {fileID: 0}
  m_Name: 
  m_Conditions:
  - m_ConditionMode: 1
    m_ConditionEvent: AdditionalAction
    m_EventTreshold: 0
  m_DstStateMachine: {fileID: 0}
  m_DstState: {fileID: -8970980733779625976}
  m_Solo: 0
  m_Mute: 0
  m_IsExit: 0
  serializedVersion: 3
  m_TransitionDuration: 0.25
  m_TransitionOffset: 0
  m_ExitTime: 0
  m_HasExitTime: 0
  m_HasFixedDuration: 0
  m_InterruptionSource: 0
  m_OrderedInterruption: 1
  m_CanTransitionToSelf: 1
--- !u!1102 &-8970980733779625976
AnimatorState:
  serializedVersion: 5
  m_ObjectHideFlags: 1
  m_CorrespondingSourceObject: {fileID: 0}
  m_PrefabInstance: {fileID: 0}
  m_PrefabAsset: {fileID: 0}
  m_Name: Shield_Attack
  m_Speed: 0.9
  m_CycleOffset: 0
  m_Transitions:
  - {fileID: 4129822480128542872}
  m_StateMachineBehaviours: []
  m_Position: {x: 50, y: 50, z: 0}
  m_IKOnFeet: 0
  m_WriteDefaultValues: 1
  m_Mirror: 0
  m_SpeedParameterActive: 0
  m_MirrorParameterActive: 0
  m_CycleOffsetParameterActive: 0
  m_TimeParameterActive: 0
  m_Motion: {fileID: 7400000, guid: 08f59bb9eda235444b0b6a7e21e75734, type: 2}
  m_Tag: 
  m_SpeedParameter: 
  m_MirrorParameter: 
  m_CycleOffsetParameter: 
  m_TimeParameter: 
--- !u!1101 &-6922156190844988405
AnimatorStateTransition:
  m_ObjectHideFlags: 1
  m_CorrespondingSourceObject: {fileID: 0}
  m_PrefabInstance: {fileID: 0}
  m_PrefabAsset: {fileID: 0}
  m_Name: 
  m_Conditions:
  - m_ConditionMode: 1
    m_ConditionEvent: Moving
    m_EventTreshold: 0
  m_DstStateMachine: {fileID: 0}
  m_DstState: {fileID: 8145838080676233422}
  m_Solo: 0
  m_Mute: 0
  m_IsExit: 0
  serializedVersion: 3
  m_TransitionDuration: 0.05
  m_TransitionOffset: 0
  m_ExitTime: 0
  m_HasExitTime: 0
  m_HasFixedDuration: 0
  m_InterruptionSource: 0
  m_OrderedInterruption: 1
  m_CanTransitionToSelf: 1
--- !u!1101 &-6425312613614966361
AnimatorStateTransition:
  m_ObjectHideFlags: 1
  m_CorrespondingSourceObject: {fileID: 0}
  m_PrefabInstance: {fileID: 0}
  m_PrefabAsset: {fileID: 0}
  m_Name: 
  m_Conditions:
  - m_ConditionMode: 1
    m_ConditionEvent: Die
    m_EventTreshold: 0
  m_DstStateMachine: {fileID: 0}
  m_DstState: {fileID: -1464545243737821710}
  m_Solo: 0
  m_Mute: 0
  m_IsExit: 0
  serializedVersion: 3
  m_TransitionDuration: 0.25
  m_TransitionOffset: 0
  m_ExitTime: 0.75
  m_HasExitTime: 0
  m_HasFixedDuration: 1
  m_InterruptionSource: 0
  m_OrderedInterruption: 1
  m_CanTransitionToSelf: 1
--- !u!206 &-5712066499141675341
BlendTree:
  m_ObjectHideFlags: 1
  m_CorrespondingSourceObject: {fileID: 0}
  m_PrefabInstance: {fileID: 0}
  m_PrefabAsset: {fileID: 0}
  m_Name: Blend Tree
  m_Childs:
  - serializedVersion: 2
    m_Motion: {fileID: 7400000, guid: b6cbdaaf134720b42abe80a66439aba6, type: 2}
    m_Threshold: 0
    m_Position: {x: 1, y: 0}
    m_TimeScale: 1
    m_CycleOffset: 0
    m_DirectBlendParameter: SideMove
    m_Mirror: 0
  - serializedVersion: 2
    m_Motion: {fileID: 7400000, guid: 0514b343dd1d02e4892446067d761e62, type: 2}
    m_Threshold: 0.14285715
    m_Position: {x: 1, y: -1}
    m_TimeScale: 1
    m_CycleOffset: 0
    m_DirectBlendParameter: SideMove
    m_Mirror: 0
  - serializedVersion: 2
    m_Motion: {fileID: 7400000, guid: 324a98e6dceec08439a08f86fa84d951, type: 2}
    m_Threshold: 0.2857143
    m_Position: {x: 1, y: 1}
    m_TimeScale: 1
    m_CycleOffset: 0
    m_DirectBlendParameter: SideMove
    m_Mirror: 0
  - serializedVersion: 2
    m_Motion: {fileID: 7400000, guid: 153494381da507f4f9f325d20b4f3273, type: 2}
    m_Threshold: 0.42857143
    m_Position: {x: -1, y: 0}
    m_TimeScale: 1
    m_CycleOffset: 0
    m_DirectBlendParameter: SideMove
    m_Mirror: 0
  - serializedVersion: 2
    m_Motion: {fileID: 7400000, guid: 03144689941fbde4faf80398d7c7cfdc, type: 2}
    m_Threshold: 0.5714286
    m_Position: {x: -1, y: -1}
    m_TimeScale: 1
    m_CycleOffset: 0
    m_DirectBlendParameter: SideMove
    m_Mirror: 0
  - serializedVersion: 2
    m_Motion: {fileID: 7400000, guid: 0d73a60c96f966c498a11114e4e528e8, type: 2}
    m_Threshold: 0.71428573
    m_Position: {x: -1, y: 1}
    m_TimeScale: 1
    m_CycleOffset: 0
    m_DirectBlendParameter: SideMove
    m_Mirror: 0
  - serializedVersion: 2
    m_Motion: {fileID: 7400000, guid: 6a055443b42f100469442e366c6fa194, type: 2}
    m_Threshold: 0.85714287
    m_Position: {x: 0, y: -1}
    m_TimeScale: 1
    m_CycleOffset: 0
    m_DirectBlendParameter: SideMove
    m_Mirror: 0
  - serializedVersion: 2
    m_Motion: {fileID: 7400000, guid: bf40d5af11132ce4f9b912f90670e23e, type: 2}
    m_Threshold: 1
    m_Position: {x: 0, y: 1}
    m_TimeScale: 1
    m_CycleOffset: 0
    m_DirectBlendParameter: SideMove
    m_Mirror: 0
  m_BlendParameter: ForwardMove
  m_BlendParameterY: SideMove
  m_MinThreshold: 0
  m_MaxThreshold: 1
  m_UseAutomaticThresholds: 1
  m_NormalizedBlendValues: 0
  m_BlendType: 1
--- !u!1102 &-3062790530941114224
AnimatorState:
  serializedVersion: 5
  m_ObjectHideFlags: 1
  m_CorrespondingSourceObject: {fileID: 0}
  m_PrefabInstance: {fileID: 0}
  m_PrefabAsset: {fileID: 0}
  m_Name: Sword_Attack
  m_Speed: 1.2
  m_CycleOffset: 0
  m_Transitions:
  - {fileID: 7800968333447736876}
  m_StateMachineBehaviours: []
  m_Position: {x: 50, y: 50, z: 0}
  m_IKOnFeet: 0
  m_WriteDefaultValues: 1
  m_Mirror: 0
  m_SpeedParameterActive: 0
  m_MirrorParameterActive: 0
  m_CycleOffsetParameterActive: 0
  m_TimeParameterActive: 0
  m_Motion: {fileID: 7400000, guid: 11efa084e9717f546bb181a3c0724d4b, type: 2}
  m_Tag: 
  m_SpeedParameter: 
  m_MirrorParameter: 
  m_CycleOffsetParameter: 
  m_TimeParameter: 
--- !u!1102 &-1464545243737821710
AnimatorState:
  serializedVersion: 5
  m_ObjectHideFlags: 1
  m_CorrespondingSourceObject: {fileID: 0}
  m_PrefabInstance: {fileID: 0}
  m_PrefabAsset: {fileID: 0}
  m_Name: Death
  m_Speed: 1
  m_CycleOffset: 0
  m_Transitions:
  - {fileID: 8680391544105674728}
  m_StateMachineBehaviours: []
  m_Position: {x: 50, y: 50, z: 0}
  m_IKOnFeet: 0
  m_WriteDefaultValues: 1
  m_Mirror: 0
  m_SpeedParameterActive: 0
  m_MirrorParameterActive: 0
  m_CycleOffsetParameterActive: 0
  m_TimeParameterActive: 0
  m_Motion: {fileID: 7400000, guid: 97ca06255ddfce549960b85331989918, type: 2}
  m_Tag: 
  m_SpeedParameter: 
  m_MirrorParameter: 
  m_CycleOffsetParameter: 
  m_TimeParameter: 
--- !u!1101 &-18839141570863604
AnimatorStateTransition:
  m_ObjectHideFlags: 1
  m_CorrespondingSourceObject: {fileID: 0}
  m_PrefabInstance: {fileID: 0}
  m_PrefabAsset: {fileID: 0}
  m_Name: 
  m_Conditions:
  - m_ConditionMode: 1
    m_ConditionEvent: MainAction
    m_EventTreshold: 0
  m_DstStateMachine: {fileID: 0}
  m_DstState: {fileID: -3062790530941114224}
  m_Solo: 0
  m_Mute: 0
  m_IsExit: 0
  serializedVersion: 3
  m_TransitionDuration: 0.25
  m_TransitionOffset: 0
  m_ExitTime: 0
  m_HasExitTime: 0
  m_HasFixedDuration: 0
  m_InterruptionSource: 0
  m_OrderedInterruption: 1
  m_CanTransitionToSelf: 1
--- !u!91 &9100000
AnimatorController:
  m_ObjectHideFlags: 0
  m_CorrespondingSourceObject: {fileID: 0}
  m_PrefabInstance: {fileID: 0}
  m_PrefabAsset: {fileID: 0}
  m_Name: UnitAnimator_old
  serializedVersion: 5
  m_AnimatorParameters:
  - m_Name: SideMove
    m_Type: 1
    m_DefaultFloat: 0
    m_DefaultInt: 0
    m_DefaultBool: 0
    m_Controller: {fileID: 0}
  - m_Name: ForwardMove
    m_Type: 1
    m_DefaultFloat: 0
    m_DefaultInt: 0
    m_DefaultBool: 0
    m_Controller: {fileID: 0}
  - m_Name: Moving
    m_Type: 4
    m_DefaultFloat: 0
    m_DefaultInt: 0
    m_DefaultBool: 0
    m_Controller: {fileID: 0}
  - m_Name: MainAction
    m_Type: 9
    m_DefaultFloat: 0
    m_DefaultInt: 0
    m_DefaultBool: 0
    m_Controller: {fileID: 0}
  - m_Name: AdditionalAction
    m_Type: 9
    m_DefaultFloat: 0
    m_DefaultInt: 0
    m_DefaultBool: 0
    m_Controller: {fileID: 0}
  - m_Name: Die
    m_Type: 9
    m_DefaultFloat: 0
    m_DefaultInt: 0
    m_DefaultBool: 0
    m_Controller: {fileID: 0}
  m_AnimatorLayers:
  - serializedVersion: 5
    m_Name: Base Layer
    m_StateMachine: {fileID: 8399891361422584737}
    m_Mask: {fileID: 0}
    m_Motions: []
    m_Behaviours: []
    m_BlendingMode: 0
    m_SyncedLayerIndex: -1
    m_DefaultWeight: 0
    m_IKPass: 0
    m_SyncedLayerAffectsTiming: 0
    m_Controller: {fileID: 9100000}
--- !u!1102 &404017956120857212
AnimatorState:
  serializedVersion: 5
  m_ObjectHideFlags: 1
  m_CorrespondingSourceObject: {fileID: 0}
  m_PrefabInstance: {fileID: 0}
  m_PrefabAsset: {fileID: 0}
  m_Name: Sword_idle
  m_Speed: 1
  m_CycleOffset: 0
  m_Transitions:
  - {fileID: -6922156190844988405}
  m_StateMachineBehaviours: []
  m_Position: {x: 50, y: 50, z: 0}
  m_IKOnFeet: 0
  m_WriteDefaultValues: 1
  m_Mirror: 0
  m_SpeedParameterActive: 0
  m_MirrorParameterActive: 0
  m_CycleOffsetParameterActive: 0
  m_TimeParameterActive: 0
  m_Motion: {fileID: 7400000, guid: a8760a507eff0b647b35753ddeab82b9, type: 2}
  m_Tag: 
  m_SpeedParameter: 
  m_MirrorParameter: 
  m_CycleOffsetParameter: 
  m_TimeParameter: 
--- !u!1101 &3683952538844806224
AnimatorStateTransition:
  m_ObjectHideFlags: 1
  m_CorrespondingSourceObject: {fileID: 0}
  m_PrefabInstance: {fileID: 0}
  m_PrefabAsset: {fileID: 0}
  m_Name: 
  m_Conditions:
  - m_ConditionMode: 2
    m_ConditionEvent: Moving
    m_EventTreshold: 0
  m_DstStateMachine: {fileID: 0}
  m_DstState: {fileID: 404017956120857212}
  m_Solo: 0
  m_Mute: 0
  m_IsExit: 0
  serializedVersion: 3
  m_TransitionDuration: 0.05
  m_TransitionOffset: 0
  m_ExitTime: 0
  m_HasExitTime: 0
  m_HasFixedDuration: 0
  m_InterruptionSource: 0
  m_OrderedInterruption: 1
  m_CanTransitionToSelf: 1
--- !u!1101 &4129822480128542872
AnimatorStateTransition:
  m_ObjectHideFlags: 1
  m_CorrespondingSourceObject: {fileID: 0}
  m_PrefabInstance: {fileID: 0}
  m_PrefabAsset: {fileID: 0}
  m_Name: 
  m_Conditions: []
  m_DstStateMachine: {fileID: 0}
  m_DstState: {fileID: 404017956120857212}
  m_Solo: 0
  m_Mute: 0
  m_IsExit: 0
  serializedVersion: 3
  m_TransitionDuration: 0.05
  m_TransitionOffset: 0
  m_ExitTime: 0
  m_HasExitTime: 1
  m_HasFixedDuration: 0
  m_InterruptionSource: 0
  m_OrderedInterruption: 1
  m_CanTransitionToSelf: 1
--- !u!1101 &7800968333447736876
AnimatorStateTransition:
  m_ObjectHideFlags: 1
  m_CorrespondingSourceObject: {fileID: 0}
  m_PrefabInstance: {fileID: 0}
  m_PrefabAsset: {fileID: 0}
  m_Name: 
  m_Conditions: []
  m_DstStateMachine: {fileID: 0}
  m_DstState: {fileID: 404017956120857212}
  m_Solo: 0
  m_Mute: 0
  m_IsExit: 0
  serializedVersion: 3
  m_TransitionDuration: 0.05
  m_TransitionOffset: 0
  m_ExitTime: 0
  m_HasExitTime: 1
  m_HasFixedDuration: 0
  m_InterruptionSource: 0
  m_OrderedInterruption: 1
  m_CanTransitionToSelf: 1
--- !u!1102 &8145838080676233422
AnimatorState:
  serializedVersion: 5
  m_ObjectHideFlags: 1
  m_CorrespondingSourceObject: {fileID: 0}
  m_PrefabInstance: {fileID: 0}
  m_PrefabAsset: {fileID: 0}
  m_Name: Move
  m_Speed: 1
  m_CycleOffset: 0
  m_Transitions:
  - {fileID: 3683952538844806224}
  m_StateMachineBehaviours: []
  m_Position: {x: 50, y: 50, z: 0}
  m_IKOnFeet: 0
  m_WriteDefaultValues: 1
  m_Mirror: 0
  m_SpeedParameterActive: 0
  m_MirrorParameterActive: 0
  m_CycleOffsetParameterActive: 0
  m_TimeParameterActive: 0
  m_Motion: {fileID: -5712066499141675341}
  m_Tag: 
  m_SpeedParameter: 
  m_MirrorParameter: 
  m_CycleOffsetParameter: 
  m_TimeParameter: 
--- !u!1107 &8399891361422584737
AnimatorStateMachine:
  serializedVersion: 5
  m_ObjectHideFlags: 1
  m_CorrespondingSourceObject: {fileID: 0}
  m_PrefabInstance: {fileID: 0}
  m_PrefabAsset: {fileID: 0}
  m_Name: Base Layer
  m_ChildStates:
  - serializedVersion: 1
    m_State: {fileID: 8145838080676233422}
    m_Position: {x: -170, y: 300, z: 0}
  - serializedVersion: 1
    m_State: {fileID: 404017956120857212}
    m_Position: {x: -170, y: 130, z: 0}
  - serializedVersion: 1
    m_State: {fileID: -1464545243737821710}
    m_Position: {x: 506.79065, y: 134.52881, z: 0}
  - serializedVersion: 1
    m_State: {fileID: -8970980733779625976}
    m_Position: {x: 50, y: 60, z: 0}
  - serializedVersion: 1
    m_State: {fileID: -3062790530941114224}
    m_Position: {x: 60, y: 210, z: 0}
  m_ChildStateMachines: []
  m_AnyStateTransitions:
  - {fileID: -6425312613614966361}
  - {fileID: -9084184272855798682}
  - {fileID: -18839141570863604}
  m_EntryTransitions: []
  m_StateMachineTransitions: {}
  m_StateMachineBehaviours: []
  m_AnyStatePosition: {x: 290, y: 140, z: 0}
  m_EntryPosition: {x: -150, y: -80, z: 0}
  m_ExitPosition: {x: 530, y: 10, z: 0}
  m_ParentStateMachinePosition: {x: 800, y: 20, z: 0}
  m_DefaultState: {fileID: 404017956120857212}
--- !u!1101 &8680391544105674728
AnimatorStateTransition:
  m_ObjectHideFlags: 1
  m_CorrespondingSourceObject: {fileID: 0}
  m_PrefabInstance: {fileID: 0}
  m_PrefabAsset: {fileID: 0}
  m_Name: 
  m_Conditions: []
  m_DstStateMachine: {fileID: 0}
  m_DstState: {fileID: 0}
  m_Solo: 0
  m_Mute: 0
  m_IsExit: 1
  serializedVersion: 3
  m_TransitionDuration: 0.25
  m_TransitionOffset: 0
  m_ExitTime: 0.8026316
  m_HasExitTime: 1
  m_HasFixedDuration: 1
  m_InterruptionSource: 0
  m_OrderedInterruption: 1
  m_CanTransitionToSelf: 1
